@inproceedings{Bellemare12,
  title={Investigating Contingency Awareness Using Atari 2600 Games},
  author={Marc G. Bellemare and Joel Veness and Michael H. Bowling},
  booktitle={AAAI},
  year={2012}
}
@phdthesis{Lin92,
 author = {Lin, Long-Ji},
 title = {Reinforcement Learning for Robots Using Neural Networks},
 year = {1992},
 note = {UMI Order No. GAX93-22750},
 publisher = {Carnegie Mellon University},
 address = {Pittsburgh, PA, USA},
}
@article{Barto03,
volume={13},
number={4},
journal={Discrete Event Dynamic Systems},
author={Barto, Andrew G. and Mahadevan, Sridhar},
year={2003},
pages={341-379}
}
@article{Kober13,
title={Reinforcement learning in robotics: A survey},
volume={32},
number={11},
journal={The International Journal of Robotics Research},
author={Kober, Jens and Bagnell, J. Andrew and Peters, Jan},
year={2013},
pages={1238-1274}
}
@article{Tampuu17,
title={Multiagent cooperation and competition with deep reinforcement learning},
volume={12},
number={4},
journal={PLOS ONE},
author={Tampuu, Ardi and Matiisen, Tambet and Kodelja, Dorian and Kuzovkin, Ilya and Korjus, Kristjan and Aru, Juhan and Aru, Jaan and Vicente, Raul},
year={2017},
pages={e0172395}
}
@article{Tsitsiklis97,
title={An analysis of temporal-difference learning with function approximation},
volume={42},
number={5},
journal={IEEE Transactions on Automatic Control},
author={Tsitsiklis, J.N. and van Roy, B.},
year={1997},
pages={674-690}
}
@article{Busoniu08,
title={A Comprehensive Survey of Multiagent Reinforcement Learning},
volume={38},
DOI={10.1109/tsmcc.2007.913919},
number={2},
journal={IEEE Transactions on Systems, Man, and Cybernetics, Part C (Applications and Reviews)},
author={Busoniu, L. and Babuska, R. and De Schutter, B.},
year={2008},
pages={156-172}
}
@article{Kaelbling96,
title={Reinforcement Learning:  A Survey},
volume={4},
journal={Journal of Artificial Intelligence Research},
author={Kaelbling, L. P. and Littman, M. L. and Moore, A. W.},
year={1996},
pages={237-285}
}
@book{Sutton18,
  title={Reinforcement Learning: An Introduction},
  edition={Second edition},
  year={2018},
  publisher={MIT Press},
  author={Richard S. Sutton and Andrew G. Barto}
}
@article{Bellman58,
title={Dynamic programming and stochastic control processes},
volume={1},
number={3},
journal={Information and Control},
author={Bellman, Richard},
year={1958},
pages={228-239}
}
@article{Wirth17,
  title={A Survey of Preference-Based Reinforcement Learning Methods},
  author={Christian Wirth and Riad Akrour and Gerhard Neumann and Johannes F{\"u}rnkranz},
  journal={Journal of Machine Learning Research},
  year={2017},
  volume={18},
  pages={136:1-136:46}
}
@article{Smart02,
  title={Effective reinforcement learning for mobile robots},
  journal={Proceedings 2002 IEEE International Conference on Robotics and Automation},
  year={2002},
  author={Smart, W.D. and Pack Kaelbling, L.}
}
@inproceedings{Amato10,
 author = {Amato, Christopher and Shani, Guy},
 title = {High-level Reinforcement Learning in Strategy Games},
 booktitle = {Proceedings of the 9th International Conference on Autonomous Agents and Multiagent Systems},
 volume={1},
 year = {2010},
 pages = {75--82},
} 
@Article{Watkins92,
author={Watkins, Christopher and Dayan, Peter},
title={Q-learning},
journal={Machine Learning},
year={1992},
volume={8},
number={3},
pages={279--292},
}
@article{Shoham03,
author = {Shoham, Yoav and Powers, Rob and Grenager, Trond},
year = {2003},
journal={Web manuscript},
url={https://www.cc.gatech.edu/~isbell/classes/2009/cs7641_spring/handouts/MALearning_ACriticalSurvey_2003_0516.pdf},
title = {Multi-Agent Reinforcement Learning: a critical survey}
}
@InProceedings{Ng06,
author={Ng, Andrew Y.
and Coates, Adam
and Diel, Mark
and Ganapathi, Varun
and Schulte, Jamie
and Tse, Ben
and Berger, Eric
and Liang, Eric},
editor={Ang, Marcelo H.
and Khatib, Oussama},
title={Autonomous Inverted Helicopter Flight via Reinforcement Learning},
booktitle={Experimental Robotics IX},
year={2006},
publisher={Springer Berlin Heidelberg},
pages={363--372}
}
@article{Shapley53,
title={Stochastic Games},
volume={39},
number={10},
journal={Proceedings of the National Academy of Sciences},
author={Shapley, L. S.},
year={1953},
}
@INPROCEEDINGS{Glorennec97,
author={P. Y. {Glorennec} and L. {Jouffe}},
booktitle={Proceedings of 6th International Fuzzy Systems Conference},
title={Fuzzy Q-learning},
year={1997},
volume={2},
pages={659-662},
month={July}
}
@article{Mnih13,
  title={Playing Atari with Deep Reinforcement Learning},
  author={Volodymyr Mnih and Koray Kavukcuoglu and David Silver and Alex Graves and Ioannis Antonoglou and Daan Wierstra and Martin A. Riedmiller},
  journal={ArXiv},
  year={2013},
  volume={abs/1312.5602}
}
@article{Singh96,
  title={Reinforcement Learning with Replacing Eligibility Traces},
  author={Satinder P. Singh and Richard S. Sutton},
  journal={Machine Learning},
  year={1996},
  volume={22},
  pages={123-158}
}
@inproceedings{Sutton95,
  title={Generalization in Reinforcement Learning: Successful Examples Using Sparse Coarse Coding},
  author={Richard S. Sutton},
  booktitle={NIPS},
  year={1995}
}
@inproceedings{Rummery94,
  title={On-line Q-learning using connectionist systems},
  author={Gavin Adrian Rummery and M. Niranjan},
  year={1994}
}
@PhdThesis{Watkins89,
  author = {Watkins, Christopher},
  title = {Learning from Delayed Rewards},
  school = {King's College},
  year = {1989},
  address = {Cambridge, UK},
  url = {https://www.cs.rhul.ac.uk/home/chrisw/thesis.html}
}
@inproceedings{Gaskett99,
 author = {Gaskett, Chris and Wettergreen, David and Zelinsky, Alexander},
 title = {Q-Learning in Continuous State and Action Spaces},
 booktitle = {Proceedings of the 12th Australian Joint Conference on Artificial Intelligence: Advanced Topics in Artificial Intelligence},
 series = {AI '99},
 year = {1999},
 pages = {417--428},
 url = {http://dl.acm.org/citation.cfm?id=646077.678231},
 publisher = {Springer-Verlag},
 address = {London, UK, UK},
}
@misc{Beck01,
  author = {Beck, Kent and Beedle, Mike and van Bennekum, Arie and Cockburn, Alistair and Cunningham, Ward and Fowler, Martin and Grenning, James and Highsmith, Jim and Hunt, Andrew and Jeffries, Ron and Kern, Jon and Marick, Brian and Martin, Robert C. and Mellor, Steve and Schwaber, Ken and Sutherland, Jeff and Thomas, Dave},
  title = {Manifesto for Agile Software Development},
  url = {http://www.agilemanifesto.org/},
  year = {2001}
}
@article{Matharu15,
 author = {Matharu, Gurpreet Singh and Mishra, Anju and Singh, Harmeet and Upadhyay, Priyanka},
 title = {Empirical Study of Agile Software Development Methodologies: A Comparative Analysis},
 journal = {SIGSOFT Softw. Eng. Notes},
 volume = {40},
 number = {1},
 year = {2015},
 pages = {1--6},
 url = {http://doi.acm.org/10.1145/2693208.2693233},
 publisher = {ACM},
}
@article{Ahmad17,
title = "Kanban in software engineering: A systematic mapping study",
journal = "Journal of Systems and Software",
volume = "137",
pages = "96 - 113",
year = "2018",
url = "http://www.sciencedirect.com/science/article/pii/S0164121217302820",
author = "Muhammad Ovais Ahmad and Denis Dennehy and Kieran Conboy and Markku Oivo",
}
@article{Mahnic13,
  title={Applying Kanban Principles to Software Development},
  author={Viljan Mahnic},
  year={2013},
  journal={Proceedings of the 16th International Conference on Information Technology for Practice},
  pages={89--96}
}
@book{Poppendieck13,
 author = {Poppendieck, Mary and Poppendieck, Tom},
 title = {The Lean Mindset: Ask the Right Questions},
 year = {2013},
 edition = {1st},
 publisher = {Addison-Wesley Professional},
}
@article{Kretchmar02,
author = {Kretchmar, R.},
year = {2002},
title = {Parallel Reinforcement Learning},
journal = {The 6th World Conference on Systemics, Cybernetics, and Informatics}
}
@article{Corona13,
  title={A review of lean-Kanban approaches in the software development},
  author={Corona, Erika and Pani, Filippo Eros},
  journal={WSEAS transactions on information science and applications},
  volume={10},
  number={1},
  pages={1--13},
  year={2013}
}
@article{Prechelt00,
 author = {Prechelt, Lutz},
 title = {An Empirical Comparison of Seven Programming Languages},
 journal = {Computer},
 volume = {33},
 number = {10},
 year = {2000},
 pages = {23--29},
 url = {http://dx.doi.org/10.1109/2.876288},
 publisher = {IEEE Computer Society Press},
}
@inproceedings{Gousios14,
 author = {Gousios, Georgios and Vasilescu, Bogdan and Serebrenik, Alexander and Zaidman, Andy},
 title = {Lean GHTorrent: GitHub Data on Demand},
 booktitle = {Proceedings of the 11th Working Conference on Mining Software Repositories},
 series = {MSR 2014},
 year = {2014},
 pages = {384--387},
 url = {http://doi.acm.org/10.1145/2597073.2597126},
 publisher = {ACM},
}
@misc{Brockman16,
    title={OpenAI Gym},
    author={Greg Brockman and Vicki Cheung and Ludwig Pettersson and Jonas Schneider and John Schulman and Jie Tang and Wojciech Zaremba},
    year={2016},
    eprint={1606.01540},
    archivePrefix={arXiv},
    primaryClass={cs.LG}
}
@InProceedings{Morgan07,
author="Morgan, Lorraine
and Finnegan, Patrick",
editor="Feller, Joseph
and Fitzgerald, Brian
and Scacchi, Walt
and Sillitti, Alberto",
title="Benefits and Drawbacks of Open Source Software: An Exploratory Study of Secondary Software Firms",
booktitle="Open Source Development, Adoption and Innovation",
year="2007",
publisher="Springer US",
pages="307--312",
isbn="978-0-387-72486-7"
}
@article{Sauer07,
author = {Sauer, Robert},
year = {2007},
pages = {605-619},
title = {Sauer, R.: Why develop open-source software? The role of non-pecuniary benefits, monetary rewards, and open-source licence type. Oxford Review of Economic Policy 23(4), 605},
volume = {23},
journal = {Oxford Review of Economic Policy},
doi = {10.1093/oxrep/grm034}
}
@INPROCEEDINGS{Seijen09,
author={H. {van Seijen} and H. {van Hasselt} and S. {Whiteson} and M. {Wiering}},
booktitle={2009 IEEE Symposium on Adaptive Dynamic Programming and Reinforcement Learning},
title={A theoretical and empirical analysis of Expected Sarsa},
year={2009},
pages={177-184},
doi={10.1109/ADPRL.2009.4927542}
}
@article{Wang13,
author = {Wang, Yin-Hao and Li, Tzuu-Hseng and Lin, Chih-Jui},
year = {2013},
month = {10},
pages = {2184-2193},
title = {Backward Q-learning: The combination of Sarsa algorithm and Q-learning},
volume = {26},
journal = {Engineering Applications of Artificial Intelligence},
doi = {10.1016/j.engappai.2013.06.016}
}
@INPROCEEDINGS{Waldock08,
author={A. {Waldock} and B. {Carse}},
booktitle={2008 IEEE International Conference on Fuzzy Systems (IEEE World Congress on Computational Intelligence)},
title={Fuzzy Q-Learning with an adaptive representation},
year={2008},
pages={720-725},
doi={10.1109/FUZZY.2008.4630449},
}
@INPROCEEDINGS{Nagendra18,
author={S. {Nagendra} and N. {Podila} and R. {Ugarakhod} and K. {George}},
booktitle={2017 International Conference on Advances in Computing, Communications and Informatics (ICACCI)},
title={Comparison of reinforcement learning algorithms applied to the cart-pole problem},
year={2017},
pages={26-32},
doi={10.1109/ICACCI.2017.8125811}
}
@TechReport{Corozza15,
  author={Marco Corazza and Andrea Sangalli},
  title={{Q-Learning and SARSA: a comparison between two intelligent stochastic control approaches for financial trading}},
  year=2015,
  institution={Department of Economics, University of Venice "Ca' Foscari"},
  type={Working Papers},
  url={https://ideas.repec.org/p/ven/wpaper/201515.html},
  number={2015:15},
}
@PhdThesis{Moore90,
author = {Moore, A. W.},
year = {1990},
title = {Efficient Memory-Based Learning for Robot Control}
}
@ARTICLE{Barto83,
author={Andrew G. {Barto} and Richard S. {Sutton} and C. W. {Anderson}},
journal={IEEE Transactions on Systems, Man, and Cybernetics},
title={Neuronlike adaptive elements that can solve difficult learning control problems},
year={1983},
volume={SMC-13},
number={5},
pages={834-846},
doi={10.1109/TSMC.1983.6313077}
}
@PhdThesis{Hasselt11,
  author = {van Hasselt, Hado},
  title = {Insights in Reinforcement Learning},
  school = {Utrecht University},
  year = {2011},
  address = {Utrecht, NL},
  url = {https://hadovanhasselt.files.wordpress.com/2015/12/insights_in_reinforcement_learning_hado_van_hasselt.pdf}
}
@article{Zhi-Xiong18,
  title={Deep Reinforcement Learning with Sarsa and Q-Learning: A Hybrid Approach},
  author={Zhi-xiong XU and Lei CAO and Xi-liang CHEN and Chen-xi LI and Yong-liang ZHANG and Jun LAI},
  journal={IEICE Transactions on Information and Systems},
  volume={E101.D},
  number={9},
  pages={2315-2322},
  year={2018},
  doi={10.1587/transinf.2017EDP7278}
}
@ARTICLE{Spinellis05,
author={D. {Spinellis}},
journal={IEEE Software},
title={Version control systems},
year={2005},
volume={22},
number={5},
pages={108-109},
doi={10.1109/MS.2005.140},
}
@inproceedings{Ball97,
  title={If your version control system could talk},
  author={Ball, Thomas and Kim, Jung-Min and Porter, Adam A and Siy, Harvey P},
  booktitle={ICSE Workshop on Process Modelling and Empirical Studies of Software Engineering},
  volume={11},
  year={1997}
}
@inproceedings{De-Alwis09,
  title={Why are software projects moving from centralized to decentralized version control systems?},
  author={De Alwis, Brian and Sillito, Jonathan},
  booktitle={2009 ICSE Workshop on Cooperative and Human Aspects on Software Engineering},
  pages={36--39},
  year={2009},
  organization={IEEE}
}
@inproceedings{Hasselt10,
  title={Double Q-learning},
  author={van Hasselt, Hado},
  booktitle={NIPS},
  year={2010}
}
@inproceedings{Hausknecht15,
  title={Deep recurrent q-learning for partially observable mdps},
  author={Hausknecht, Matthew and Stone, Peter},
  booktitle={2015 AAAI Fall Symposium Series},
  year={2015}
}
@inproceedings{Hasselt16,
  title={Deep reinforcement learning with double q-learning},
  author={van Hasselt, Hado and Guez, Arthur and Silver, David},
  booktitle={Thirtieth AAAI conference on artificial intelligence},
  year={2016}
}
@inproceedings{Sutton87,
  title={A temporal-difference model of classical conditioning},
  author={Sutton, Richard S. and Barto, Andrew G.},
  booktitle={Proceedings of the ninth annual conference of the cognitive science society},
  pages={355--378},
  year={1987}
}
